@manual{anleitung,
  author = {TU Dortmund},
  title = {Versuch zum Literaturverzeichnis},
  URL = {www.},
  year = 2016
}

@manual{nuklid,
  author = {TU Dortmund, Physikalisches Praktikum},
  title = {Nuklidkarte},
  year = 2016
}
