@manual{anleitung,
  author = {TU Dortmund},
  title = {Das Geiger-Müller-Zählrohr},
  URL = {http://129.217.224.2/HOMEPAGE/PHYSIKER/BACHELOR/AP/SKRIPT/V703.pdf},
  year = 2016
}

@online{codata,
  author = {NIST},
  title = {Fundamental Physical Constants},
  URL = {http://physics.nist.gov/cgi-bin/cuu/Value?e|search_for=elecmag_in!},
  year = 2016
}
