@manual{anleitung,
  author = {TU Dortmund},
  title = {Drehschwingungen},
  URL = {http://129.217.224.2/HOMEPAGE/PHYSIKER/BACHELOR/AP/SKRIPT/V102.pdf},
  year = 2016
}
