@manual{anleitung,
  author = {TU Dortmund},
  title = {Der Millikan-Öltröpfchenversuch},
  URL = {http://129.217.224.2/HOMEPAGE/PHYSIKER/BACHELOR/AP/SKRIPT/Millikan.pdf.},
  year = 2016
}

@manual{Faraday,
  author = {NIST},
  title = {Faraday constant},
  URL = {http://physics.nist.gov/cgi-bin/cuu/Value?f},
  year = 2016
}

@manual{elementary,
  author = {NIST},
  title = {elementary charge},
  URL = {http://physics.nist.gov/cgi-bin/cuu/Value?e},
  year = 2016
}

@manual{avogadro,
  author = {NIST},
  title = {Avogadro constant},
  URL = {http://physics.nist.gov/cgi-bin/cuu/Value?na},
  year = 2016
}
