@manual{anleitung,
  author = {TU-Dortmund},
  title = {Versuchsanleitung},
  URL = {http://129.217.224.2/HOMEPAGE/PHYSIKER/BACHELOR/AP/SKRIPT/V103.pdf},
  year = 2016
}

@manual{gWert,
  author = {National Institute of Standards and Technology},
  title = {Erdbeschleunigung},
  URL = {http://physics.nist.gov/cgi-bin/cuu/Value?gn},
  year = 2016
}

@manual{Metallwerte,
  author = {HUG Industrietechnik und Arbeitssicherheit GmbH},
  title = {Dichte und Elastizit√§tsmodul einiger Metalle},
  URL = {http://www.hug-technik.com/inhalt/ta/metall.htm},
  year = 2016
}
