@manual{anleitung,
  author = {TU Dortmund},
  title = {Das Kugelfallviskosimeter nach HÃ¶ppler},
  URL = {http://129.217.224.2/HOMEPAGE/PHYSIKER/BACHELOR/AP/SKRIPT/Viskositaet.pdf},
  year = 2016
}
