@manual{anleitung,
  author = {TU Dortmund},
  title = {Scanverfahren in der Ultraschalltechnik},
  URL = {http://129.217.224.2/HOMEPAGE/PHYSIKER/BACHELOR/AP/SKRIPT/UltraschallScan.pdf},
  year = 2016
}
