@manual{anleitung,
  author = {TU Dortmund},
  title = {Versuchsanleitung},
  URL = {http://129.217.224.2/HOMEPAGE/PHYSIKER/BACHELOR/AP/SKRIPT/V206.pdf},
  year = 2016
}
