@manual{anleitung,
  author = {TU Dortmund},
  title = {Versuch zum Literaturverzeichnis},
  URL = {www.},
  year = 2016
}

@online{Codata,
 author = {National Institute of Standards and Technology},
 title = {Fundamental Physical Constants},
 URL = {http://physics.nist.gov/cuu/Constants/index.html},
 year = 2016
}

@online{Spektrum,
 author = {Spektrum},
 title = {Lexikon der Physik-Austrittsarbeit},
 URL = {http://www.spektrum.de/lexikon/physik/austrittsarbeit/1067},
 year = 1998
}
