@manual{anleitung,
  author = {TU Dortmund},
  title = {Das Geiger-Müller-Zählrohr},
  URL = {http://129.217.224.2/HOMEPAGE/PHYSIKER/BACHELOR/AP/SKRIPT/V402.pdf},
  year = 2016
}
