@manual{anleitung,
  author = {TU Dortmund},
  title = {Die Spektren der Alkali-Atome},
  URL = {http://129.217.224.2/HOMEPAGE/PHYSIKER/BACHELOR/AP/SKRIPT/V605.pdf},
  year = 2016
}

@online{Codata,
 author = {National Institute of Standards and Technology},
 title = {Fundamental Physical Constants},
 URL = {http://physics.nist.gov/cuu/Constants/index.html},
 year = 2016
}
