@manual{anleitung,
  author = {TU Dortmund},
  title = {Doppler-Sonographie},
  URL = {http://129.217.224.2/HOMEPAGE/PHYSIKER/BACHELOR/AP/SKRIPT/DopplerSonogr.pdf},
  year = 2016
}
