@manual{anleitung,
  author = {TU Dortmund},
  title = {RÃ¶ntgenemission und -absorption},
  URL = {http://129.217.224.2/HOMEPAGE/PHYSIKER/BACHELOR/AP/SKRIPT/RoentgenAbs.pdf},
  year = 2016
}

@online{NIST,
 author = {National Institute of Standards and Technology},
 title = {X-ray Transition Energies Database},
 URL = {http://physics.nist.gov/PhysRefData/XrayTrans/Html/search.html},
 year = 2016
}

@online{Codata,
 author = {National Institute of Standards and Technology},
 title = {Fundamental Physical Constants},
 URL = {http://physics.nist.gov/cuu/Constants/index.html},
 year = 2016
}
