@manual{anleitung,
  author = {TU Dortmund},
  title = {Beugung am Spalt},
  URL = {http://129.217.224.2/HOMEPAGE/PHYSIKER/BACHELOR/AP/SKRIPT/V406.pdf},
  year = 2016
}
