@manual{anleitung,
  author = {TU Dortmund},
  title = {Der Photoeffekt},
  URL = {http://129.217.224.2/HOMEPAGE/PHYSIKER/BACHELOR/AP/SKRIPT/V500.pdf.},
  year = 2016
}
